@article{HapticShape,
	Author       = {M. Plaisier, W. Bergmann Tiest and A. Kappers},
	Journal      = {Attention, Perception and Psychophysics},
	Title        = {Salient features in 3-D haptic shape perception},
	Year         = {2009}
}


@article{treisman_gormican_1988, title={Feature analysis in early vision: Evidence from search asymmetries.}, volume={95}, DOI={10.1037//0033-295x.95.1.15}, number={1}, journal={Psychological Review}, author={Treisman, Anne and Gormican, Stephen}, year={1988}, pages={15–48}} 

@article{Glove,
	author       = {Bianchi, Matteo and Haschke, Robert and Büscher, Gereon and Ciotti, Simone and Carbonaro, Nicola and Tognetti, Alessandro},
	journal      = {Electronics},
	number       = {3},
	publisher    = {MDPI AG},
	title        = {{A Multi-Modal Sensing Glove for Human Manual-Interaction Studies}},
	doi          = {10.3390/electronics5030042},
	volume       = {5},
	year         = {2016},
}

@article{EPs,
	Author = {R. L. Klatzky, S. J. Lederman, and C. L. Reed},
	Journal = {Journal of Experimental Psychology},
	Pages = {},
	Title = {There’s more to touch
	than meets the eye: the salience of object attributes for haptics with and without vision},
	Year = {1987}}


@online{Vicon,
	ALTauthor = {author},
	ALTeditor = {editor},
	title = {Information available at:},
	date = {date},
	url = {http://www.vicon.com/},
	OPTsubtitle = {subtitle},
	OPTtitleaddon = {titleaddon},
	OPTlanguage = {language},
	OPTversion = {version},
	OPTnote = {note},
	OPTorganization = {organization},
	OPTdate = {date},
	OPTmonth = {month},
	OPTyear = {year},
	OPTaddendum = {addendum},
	OPTpubstate = {pubstate},
	OPTurldate = {urldate},
}

@article{autotracker,
	Author = {J. Maycock, T. Rohling, M. Schröder, M. Botsch, H. Ritter},
	Journal = {IEEE-RAS 15th International Conference on Humanoid Robots (Humanoids)},
	Pages = {},
	Title = {Fully automatic optical motion tracking using an inverse kinematics approach},
	Year = {2015}}


@article{Schneider,
	Author = {A. Schneider, J. Sturm, and C. Stachniss},
	Journal = {Proceedings of International
	Conference on Intelligent Robots and Systems (IROS)},
	Pages = {243-248},
	Title = {Object Identification with Tactile Sensors using Bag-of-Features},
	Year = {2009}}

@article{Navarro,
	Author = {S. E. Navarro, N. Gorges, H. Wörn, J.Schill, T. Asfour and R. Dillmann},
	Journal = {Haptics Symposium (HAPTICS)},
	Pages = {},
	Title = {Haptic object recognition for multi-fingered robot hands},
	Year = {2012}}


@article{Faldella,
	Author = {E. Faldella, B. Fringuelli, D. Passeri, and L. Rosi},
	Journal = {IEEE Transactions on Industrial Electronics, vol. 44},
	Pages = {267-269},
	Title = {A Neural Approach to Robotic Haptic Recognition of 3-D Objects Based on Kohonen Self-Organizing Feature Map},
	Year = {1997}}

@article{Pezzementi,
	Author = {Z. Pezzementi, E. Plaku, C. Reyda, and G. D. Hager},
	Journal = {IEEE Transactions on Robotics, vol. 27},
	Pages = {473-486},
	Title = {Tactile Object Recognition from Appearance Information},
	Year = {2011}}

@article{Gorges,
	Author = {N. Gorges, S. E. Navarro, D. Goger, and H. Worn},
	Journal = {Proceedings of IEEE International Conference on Robotics and Automation (ICRA)},
	Pages = {2349-2355},
	Title = {Haptic Object Recognition using Passive Joints and Haptic Key Features},
	Year = {2010}}

@article{Bhattacharjee,
	Author = {T. Bhattacharjee, J. M. Rehg, C. C. Kemp},
	Journal = {IEEE/RSJ International Conference on Intelligent Robots and Systems},
	Pages = {},
	Title = {Haptic Classification and Recognition of Objects Using a Tactile
	Sensing Forearm},
	Year = {2012}}